<?xml version="1.0" encoding="UTF-8"?><collection xmlns="http://www.loc.gov/MARC21/slim"><record><leader>00651nam--2200193-i-4500</leader><controlfield tag="001">000002189</controlfield><controlfield tag="002">20161230</controlfield><controlfield tag="005">20161230201024</controlfield><controlfield tag="008">060222s1000------------r-----000-0-eng-d</controlfield><datafield ind1=" " ind2=" " tag="020"><subfield code="a">9971978415</subfield></datafield><datafield ind1=" " ind2=" " tag="040"><subfield code="a">IFIN-HH</subfield></datafield><datafield ind1=" " ind2=" " tag="080"><subfield code="a">539.12.01(061.3)</subfield></datafield><datafield ind1="1" ind2=" " tag="100"><subfield code="a">Faddeev,L.D</subfield></datafield><datafield ind1="1" ind2="0" tag="245"><subfield code="a">Few-body problems in physics</subfield><subfield code="b">Proceedings of the ninth european conference on few-body problems in physics tbilisi, georgia, ussr 25-31 august 1984</subfield><subfield code="c">L.d. faddeev, t.i. kopaleishvili (eds.)</subfield></datafield><datafield ind1=" " ind2=" " tag="260"><subfield code="a">Singapore</subfield><subfield code="b">World Scientific</subfield><subfield code="c">1985</subfield></datafield><datafield ind1=" " ind2=" " tag="300"><subfield code="a">XII + 532 P</subfield></datafield><datafield ind1="1" ind2=" " tag="700"><subfield code="a">Kopaleishvili, T.I</subfield><subfield code="e">Ed</subfield></datafield><datafield ind1=" " ind2=" " tag="852"><subfield code="a">79122</subfield><subfield code="c">539.12</subfield></datafield><datafield ind1=" " ind2=" " tag="CAT"><subfield code="a">Sys</subfield><subfield code="c">20120130</subfield><subfield code="h">134842</subfield></datafield></record></collection>